@inproceedings{none:conf/WOSET/Eldridge/2021,
  title     = {MLIR as Hardware Compiler Infrastructure},
  author    = {Schuyler Eldridge and
               Prithayan Barua and
               Aliaksei Chapyzhenka and
               Adam Izraelevitz and
               Jack Koenig and
               Chris Lattner and
               Andrew Lenharth and
               George Leontiev and
               Fabian Schuiki and
               Ram Sunder and
               Andrew Young and
               Richard Xia},
  booktitle = {Workshop on Open-Source EDA Technology (WOSET)},
  year      = {2021},
  keywords  = {peer-reviewed, conference},
  url       = {https://woset-workshop.github.io/PDFs/2021/a06-slides.pdf}
}

@inproceedings{none:conf/CCCC/Eldridge/2021,
  title     = {The Next Generation FIRRTL Compiler},
  author    = {Schuyler Eldridge and
               Andrew Lenharth and
               Andrew Young and
               Prithayan Barua and
               Fabian Schuiki and
               Hanchen Ye and
               Aliaksei Chapyzhenka and
               Jack Koenig and
               Adam Izraelevitz and
               George Leontiev and
               Ram Sunder and
               Chris Lattner},
  booktitle = {2nd Chisel Community Conference China (CCCC)},
  year      = {2021},
  keywords  = {peer-reviewed, conference}
}

@inproceedings{none:conf/BARC/Delshadtehrani/2020,
  title     = {A Programmable Hardware Monitor for Security of RISC-V Processors},
  author    = {Leila Delshadtehrani and
               Sadullah Canakci and
               Boyou Zhou and
               Schuyler Eldridge and
               Ajay Joshi and
               Manuel Egele},
  booktitle = {Boston Area Architecture Conference (BARC)},
  month     = {1},
  year      = {2020},
  keywords  = {peer-reviewd, conference},
}

@inproceedings{none:conference/usenix-security/delshadtehrani/2020/phmon,
  author    = {Leila Delshadtehrani and
               Sadullah Canakci and
               Boyou Zhou and
               Schuyler Eldridge and
               Ajay Joshi and
               Manuel Egele},
  title     = {PHMon: {A} Programmable Hardware Monitor and its Security Applications},
  booktitle = {USENIX Security Symposium 2020},
  year      = {2020},
  url       = {https://www.usenix.org/system/files/sec20-delshadtehrani.pdf},
  keywords  = {peer-reviewed, conference}
}

@inproceedings{none:keynote/FOSDEM/eldridge/2020/esp-chisel-accelerators,
  author = {Schuyler Eldridge},
  title = {Building Loosely-coupled RISC-V Accelerators},
  booktitle = {FOSDEM 2020},
  year = {2020},
  url = {https://fosdem.org/2020/schedule/event/riscv_chisel/},
  keywords = {peer-reviewed, conference}
}

@inproceedings{none:workshop/CCC/eldridge/2020/becoming-a-chisel-developer,
  author = {Schuyler Eldridge},
  title = {I Wanna Be a Chisel/FIRRTL Developer},
  booktitle = {3rd Chisel Community Conference (CCC)},
  year = {2020},
  url = {https://drive.google.com/file/d/1z79UbAquTBbtCvS_Eefu_ZVuFAqkdpIz/view},
  keywords = {workshop}
}

@inproceedings{none:conference/CCC/delshadtehrani/2020/chisel-programmable-hardware-monitor,
  author = {Leila Delshadtehrani and
            Sadullah Canakci and
            Boyou Zhou and
            Schuyler Eldridge and
            Ajay Joshi and
            Manuel Egele},
  title = {A Chisel-based Programmable Hardware Monitor},
  booktitle = {3rd Chisel Community Conference (CCC)},
  year = {2020},
  url = {https://drive.google.com/file/d/1xUmuLmaHRQZMAQBOUd95enD4LLeD8n2I/view},
  keywords = {peer-reviewed, conference}
}

@inproceedings{none:conference/CCC/eldridge/2020/verilog-generation,
  author = {Schuyler Eldridge},
  title = {Improving Chisel/FIRRTL Verilog Generation},
  booktitle = {3rd Chisel Community Conference (CCC)},
  year = {2020},
  url = {https://drive.google.com/file/d/1d-aGKsKII2J7G1OO_rmcgMzb3ijvmtQo/view},
  keywords = {peer-reviewed, conference}
}

@patent{none:patent/IBM/venkataramani/2020/error-prediction,
  author    = {Swagath Venkataramani and Schuyler Eldridge and Karthik V. Swaminathan and Alper Buyuktosunoglu and  Pradip Bose and},
  title     = {Low-overhead Error Prediction and Preemption in Deep Neural Network Using Apriori Network Statistics},
  number    = {{\em Application} 16262832},
  holder    = {International Business Machines Corp},
  year      = {2020},
  keywords  = {patent},
}

@patent{none:patent/IBM/bose/2019/fault-injection,
  author    = {Pradip Bose and Alper Buyuktosunoglu and Schuyler Eldridge and Karthik V. Swaminathan and Yazhou Zu},
  title     = {Determination and Correction of Physical Circuit Event Related Errors of a Hardware Design},
  number    = {10365327},
  holder    = {International Business Machines Corp},
  year      = {2019},
  keywords  = {patent},
}

@patent{none:patent/IBM/bose/2019/consensus-based-error-checking,
  author    = {Pradip Bose and Alper Buyuktosunoglu and Schuyler Eldridge and Karthik V. Swaminathan and Swagath Venkataramani},
  title     = {System and Method for Consensus-based Representation and Error Checking for Neural Networks},
  number    = {{\em Application} 15825660},
  holder    = {International Business Machines Corp},
  year      = {2019},
  keywords  = {patent},
}

@patent{none:patent/IBM/bose/2019/reducing-the-cost-of-n-modular-redundancy,
  author    = {Pradip Bose and Alper Buyuktosunoglu and Schuyler Eldridge and Karthik V. Swaminathan and Augusto Vega and Swagath Venkataramani},
  title     = {Reducing the Cost of N Modular Redundancy for Neural Networks},
  number    = {{\em Application} 15806393},
  holder    = {International Business Machines Corp},
  year      = {2019},
  keywords  = {patent},
}

@inproceedings{none:conf/HPCA/chandramoorthy-2019,
  author={N. {Chandramoorthy} and K. {Swaminathan} and M. {Cochet} and A. {Paidimarri} and S. {Eldridge} and R. {Joshi} and M. {Ziegler} and A. {Buyuktosunoglu} and P. {Bose}},
  booktitle={2019 IEEE International Symposium on High Performance Computer Architecture (HPCA)},
  title={Resilient Low Voltage Accelerators for High Energy Efficiency},
  year={2019},
  volume={},
  number={},
  pages={147-158},
  doi={10.1109/HPCA.2019.00034},
  ISSN={2378-203X},
  month={2},
  url={https://ieeexplore.ieee.org/abstract/document/8675205},
  keywords={peer-reviewed, conference},
}

@inproceedings{none:keynote/CCC/eldridge-2018,
  author = {Jonathan Bachrach and Schuyler Eldridge and Richard Lin and Jack Koenig and Adam Izraelevitz},
  title = {CCC 2018 Keynote},
  booktitle = {1st Chisel Community Conference (CCC)},
  year = {2018},
  url = {https://www.youtube.com/watch?v=MvmchgayCq4},
  keywords = {workshop}
}

@inproceedings{none:workshop/CCC/eldridge-2018-annotations,
  author = {Schuyler Eldridge and Adam Izraelevitz},
  title = {Annotations and Hardware Construction Languages},
  booktitle = {1st Chisel Community Conference (CCC)},
  year = {2018},
  url = {https://www.youtube.com/watch?v=4YGIdjMNI6Q},
  keywords = {peer-reviewed, conference}
}

@inproceedings{none:workshop/CCC/eldridge-2018-libraries-intensive,
  author = {Schuyler Eldridge},
  title = {Chisel Libraries Breakdown},
  booktitle = {1st Chisel Community Conference (CCC)},
  year = {2018},
  url = {https://www.youtube.com/watch?v=uLDGh0Hq1Ik},
  keywords = {workshop}
}

@inproceedings{eldridge:2018:modsim,
  author = {Eldridge, Schuyler and Bose, Pradip},
  title = {Agile System Development using Open Source Hardware Components},
  booktitle = {Workshop on Modeling and Simulation of Systems and Applications (ModSim)},
  year = {2018},
  keywords = {workshop},
}

@inproceedings{none:conf/DAC/putic-2018,
  author    = {Mateja Putic and Swagath Venkataramani and Schuyler Eldridge and Alper Buyuktosunoglu and Pradip Bose and Mircea Stan},
  title     = {DyHard-DNN: Even More DNN Acceleration with Dynamic Hardware Reconfiguration},
  booktitle = {55th Annual Design Automation Conference (DAC)},
  year      = {2018},
  keywords  = {peer-reviewed, conference}
}

@inproceedings{eldridge:2018:aiotas,
  author = {Eldridge, Schuyler and Bose, Pradip},
  title = {System Architectural Support for AI at the Edge},
  booktitle = {2nd Workshop on Advances in IoT Architecture and Systems (AIoTAS)},
  year = {2018},
  keywords = {workshop},
}

@inproceedings{eldridge:2018:carrv,
  author = {Eldridge, Schuyler and Buyuktosunoglu, Alper and Bose, Pradip},
  title = {Chiffre: A Configurable Hardware Fault Injection Framework for RISC-V Systems},
  booktitle = {2nd Workshop on Computer Architecture Research with RISC-V (CARRV '18)},
  year = {2018},
  url = {https://carrv.github.io/2018/papers/CARRV_2018_paper_2.pdf},
  keywords = {peer-reviewed, conference},
}

@inproceedings{none:demo/CogArch/Roelke-2018,
  author    = {Alec Roelke and Schuyler Eldridge and Mircea Stan},
  title     = {VELOUR: Very Low Voltage Operation Under Resilience Constraints},
  booktitle = {3rd Workshop on Cognitive Architectures},
  year      = {2018},
  keywords  = {peer-reviewed, demo}
}

@inproceedings{eldridge:2018:gomactech:velour,
  author = {Eldridge, Schuyler and Verma, Vaibhav and Guo, Xinfei and Roelke, Alec and Swaminathan, Karthik and Chandramoorthy, Nandhini and Cochet, Martin and Buyuktosunoglu, Alper and Vezyrtzis, Christos and Joshi, Rajiv and Ziegler, Matt and Stan, Mircea and Bose, Pradip},
  title = {VELOUR: Very Low Voltage Operation Under Resilience Constraints},
  booktitle = {50th GOMACTech Conference},
  year = {2018},
  keywords = {peer-reviewed, conference},
}

@article{DBLP:journals/cal/DelshadtehraniE18,
  author    = {Leila Delshadtehrani and
               Schuyler Eldridge and
               Sadullah Canakci and
               Manuel Egele and
               Ajay Joshi},
  title     = {Nile: {A} Programmable Monitoring Coprocessor},
  journal   = {Computer Architecture Letters},
  volume    = {17},
  number    = {1},
  pages     = {92--95},
  year      = {2018},
  url       = {https://doi.org/10.1109/LCA.2017.2784416},
  keywords  = {peer-reviewed, journal}
}

@patent{none:patent/IBM/Buyuktosunoglu-2018,
  author    = {Alper Buyuktosunoglu and Swagath Venkataramani and Rajiv Joshi and Karthik V. Swaminathan and Schuyler Eldridge and Pradip Bose},
  title     = {Self-evaluating array of memory},
  number    = {{\em Application} US20180358110A1},
  holder    = {International Business Machines Corp },
  year      = {2018},
  keywords  = {patent},
}

@inproceedings{none:conf/RISCV/Eldridge-2017,
  author    = {Schuyler Eldridge and Ramon Bertran and Alper Buyuktosunoglu and Pradip Bose},
  title     = {MicroProbe: An Open Source Microbenchmark Generator Ported to the RISC-V ISA},
  booktitle = {7th RISC-V Workshop},
  year      = {2017},
  url       = {https://content.riscv.org/wp-content/uploads/2017/12/Tue1424-riscv-microprobe-presentation.pdf},
  keywords  = {peer-reviewed, workshop}
}

@inproceedings{none:conf/CARRV/Eldridge-2017,
  author    = {Schuyler Eldridge and Karthik Swaminathan and Nandhini Chandramoorthy and Alper Buyuktosunoglu and Alec Roelke and Vaibhav Verma and Rajiv Joshi and Mircea Stan and Pradip Bose},
  title     = {A Low Voltage RISC-V Heterogeneous System},
  booktitle = {1st Workshop on Computer Architecture Research with RISC-V (CARRV '17)},
  year      = {2017},
  url       = {https://carrv.github.io/2017/papers/eldridge-velour-carrv2017.pdf},
  keywords  = {peer-reviewed, conference}
}


@inproceedings{none:conf/BARC/Delshadtehrani-2017,
  title     = {Varanus: An Infrastructure for Programmable Hardware Monitoring Units},
  author    = {Leila Delshadtehrani and Jonathan Appavoo and Manuel Egele and Ajay Joshi and Schuyler Eldridge},
  booktitle = {Boston Area Architecture Conference (BARC)},
  month     = {1},
  year      = {2017},
  url       = {https://megele.io/barc2017.pdf},
  keywords  = {peer-reviewd, conference},
}

@inproceedings{DBLP:conf/iccd/BertranBBBBCCCE17,
  author    = {Ramon Bertran and
               Pradip Bose and
               David M. Brooks and
               Jeff Burns and
               Alper Buyuktosunoglu and
               Nandhini Chandramoorthy and
               Eric Cheng and
               Martin Cochet and
               Schuyler Eldridge and
               Daniel Friedman and
               Hans M. Jacobson and
               Rajiv V. Joshi and
               Subhasish Mitra and
               Robert K. Montoye and
               Arun Paidimarri and
               Pritish Parida and
               Kevin Skadron and
               Mircea Stan and
               Karthik Swaminathan and
               Augusto Vega and
               Swagath Venkataramani and
               Christos Vezyrtzis and
               Gu{-}Yeon Wei and
               John{-}David Wellman and
               Matthew M. Ziegler},
  title     = {Very Low Voltage {(VLV)} Design},
  booktitle = {2017 {IEEE} International Conference on Computer Design, {ICCD} 2017,
               Boston, MA, USA, November 5-8, 2017},
  pages     = {601--604},
  year      = {2017},
  url       = {https://doi.org/10.1109/ICCD.2017.105},
  keywords  = {peer-reviewed, conference}
}

@inproceedings{none:poster/RISCV/eldridge-2016,
  author = {Schuyler Eldridge and Han Dong and Thomas Unger and Marcia Sahaya Louis and Leila Delshad Tehrani and Jonathan Appavoo and Ajay Joshi},
  title = {X-FILES/DANA: RISC-V Hardware/Software for Neural Networks},
  booktitle = {4th RISC-V Workshop},
  url = {http://people.bu.edu/schuye/files/riscv2016-eldridge-poster.pdf},
  year = {2016},
  keywords = {peer-reviewed, workshop}
}

@inproceedings{none:poster/DAC/eldridge-2016,
  author    = {Schuyler Eldridge and Marcia Sahaya Louis and Thomas Unger and Jonathan Appavoo and Ajay Joshi},
  title     = {Learning-on-chip using Fixed Point Arithmetic for Neural Network Accelerators},
  booktitle = {53rd Annual Design Automation Conference (DAC)},
  url       = {http://people.bu.edu/schuye/files/dac2016-eldridge-poster.pdf},
  year      = {2016},
  keywords  = {peer-reviewed, workshop}
}

@patent{none:patent/intel/gopal-2016,
  author    = {Vinodh Gopal and James D. Guilford and Schuyler Eldridge Gilbert M. Wolrich and Erdinc Ozturk and Wajdi K. Feghali},
  title     = {Digest Generation},
  number    = {US9292548B2},
  holder    = {Intel Corporation},
  year      = {2016},
  keywords  = {patent},
}

@inproceedings{none:conf/BARC/Eldridge-2016,
  title     = {Neural Networks as Function Primitives: Software/Hardware Support with X-FILES/DANA},
  author    = {Schuyler Eldridge and Thomas Unger and Marcia Sahaya Louis and Margo Seltzer and Jonathan Appavoo and Ajay Joshi},
  booktitle = {Boston Area Architecture Conference (BARC)},
  year      = {2016},
  url       = {http://people.bu.edu/joshi/files/eldridge_barc2016.pdf},
  keywords  = {peer-reviewd, workshop},
}

@phdthesis{thesis:eldridge,
  title     = {Neural network computing using on-chip accelerators},
  author    = {Eldridge, Schuyler},
  school    = {Boston University},
  year      = {2016},
  URL       = {https://open.bu.edu/handle/2144/19511},
  keywords  = {thesis}
}

@inproceedings{DBLP:conf/IEEEpact/EldridgeWSAJ15,
  author    = {Schuyler Eldridge and
               Amos Waterland and
               Margo Seltzer and
               Jonathan Appavoo and
               Ajay Joshi},
  title     = {Towards General-Purpose Neural Network Computing},
  booktitle = {2015 International Conference on Parallel Architecture and Compilation,
               {PACT} 2015, San Francisco, CA, USA, October 18-21, 2015},
  pages     = {99--112},
  year      = {2015},
  month     = {10},
  crossref  = {DBLP:conf/IEEEpact/2015},
  url       = {https://dash.harvard.edu/bitstream/handle/1/30779603/82681851.pdf?sequence=1},
  timestamp = {Mon, 22 May 2017 17:11:04 +0200},
  biburl    = {https://dblp.org/rec/bib/conf/IEEEpact/EldridgeWSAJ15},
  bibsource = {dblp computer science bibliography, https://dblp.org},
  keywords  = {peer-reviewed, conference}
}

@proceedings{DBLP:conf/IEEEpact/2015,
  title     = {2015 International Conference on Parallel Architecture and Compilation,
               {PACT} 2015, San Francisco, CA, USA, October 18-21, 2015},
  publisher = {{IEEE} Computer Society},
  year      = {2015},
  url       = {http://ieeexplore.ieee.org/xpl/mostRecentIssue.jsp?punumber=7425426},
  isbn      = {978-1-4673-9524-3},
  timestamp = {Wed, 04 May 2016 14:25:14 +0200},
  biburl    = {https://dblp.org/rec/bib/conf/IEEEpact/2015},
  bibsource = {dblp computer science bibliography, https://dblp.org}
}

@inproceedings{none:conf/BARC/Eldridge-2015,
  title     = {Exploiting Hidden Layer Modular Redundancy for Fault-Tolerance in Neural Network Accelerators},
  author    = {Schuyler Eldridge and Ajay Joshi},
  booktitle = {Boston Area Architecture Conference (BARC)},
  month     = {1},
  year      = {2015},
  url       = {http://people.bu.edu/joshi/files/Eldridge_BARC_2015.pdf},
  keywords  = {peer-reviewd, conference},
}

@inproceedings{DBLP:conf/glvlsi/EldridgeRZJ14,
  author    = {Schuyler Eldridge and
               Florian Raudies and
               David Zou and
               Ajay Joshi},
  title     = {Neural network-based accelerators for transcendental function approximation},
  booktitle = {Great Lakes Symposium on {VLSI} 2014, {GLSVLSI} '14, Houston, TX,
               {USA} - May 21 - 23, 2014},
  pages     = {169--174},
  year      = {2014},
  url       = {http://people.bu.edu/joshi/files/glsvlsi2014-eldridge.pdf},
  keywords  = {conference, peer-reviewed}
}

@inproceedings{none:conf/NeuroArch/Appavoo-2014,
  title     = {Programmable Smart Machines: A Hybrid Neuromorphic Approach to General Purpose Computation},
  author    = {Jonathan Appavoo and Amos Waterland and Schuyler Eldridge and Katherine Zhao and Ajay Joshi and Steve Homer and Margo Seltzer},
  booktitle = {NeuroArch Workshop},
  year      = {2014},
  url       = {http://people.bu.edu/joshi/files/appavoo-neuroarch-2014.pdf},
  keywords  = {peer-reviewed, conference},
}

@article{raudies2014learning,
  title     = {Learning to Navigate in a Virtual World using Optic Flow and Stereo Disparity Signals},
  author    = {Raudies, F. and Eldridge, S. and Joshi, A. and Versace, M.},
  journal   = {Artificial Life and Robotics},
  volume    = {19},
  number    = {2},
  pages     = {157--169},
  year      = {2014},
  publisher = {Springer},
  url       = {https://link.springer.com/article/10.1007/s10015-014-0153-1},
  keywords  = {peer-reviewed, journal},
}

@report{raudies2013,
  title     = {Reinforcement Learning of Visual Navigation Using Distances Extracted from Stereo Disparity or Optic Flow},
  author    = {Raudies, F. and Eldridge, S. and Joshi, A. and Versace, M.},
  year      = {2013},
  number    = {BU/ECE-2013-1},
  url       = {http://people.bu.edu/joshi/files/TechReportNo-ECE-2013-1-LearningVisualNavigation.pdf},
  timestamp = {2014.01.14},
}

@inproceedings{none:conf/BIC/Eldridge-2013,
  title     = {Approximate Computation using a Neuralized Floating Point Unit},
  author    = {Schuyler Eldridge and Florian Raudies and Ajay Joshi},
  booktitle = {Brain Inspired Computing Workshop},
  year      = {2013},
  url       = {http://people.bu.edu/joshi/files/approx-fpu-bic2013.pdf},
  keywords  = {peer-reviewed, conference},
}
